@inproceedings{meier2011pixhawk,
  author = {Meier, Lorenz and Tanskanen, Petri and Fraundorfer, Friedrich and Pollefeys, Marc},
  title = {PX4: A Micro Aerial Vehicle Design for Autonomous Flight},
  booktitle = {Proceedings of the IEEE International Conference on Robotics and Automation Workshops},
  year = {2011}
}

@manual{mavlink_signing_mavlinkio,
  title = {MAVLink 2 Message Signing},
  author = {{MAVLink Development Team}},
  year = {2024},
  url = {https://mavlink.io/en/guide/message_signing.html},
  note = {Accessed October 16, 2025}
}

@misc{nist_pqc_news_2024,
  author = {{National Institute of Standards and Technology}},
  title = {NIST Announces First Post-Quantum Cryptography Standards},
  year = {2024},
  howpublished = {Press Release},
  url = {https://www.nist.gov/news-events/news/2024/07/nist-announces-first-post-quantum-cryptography-standards},
  note = {Accessed October 16, 2025}
}

@manual{raspi4_specs,
  author = {{Raspberry Pi Ltd.}},
  title = {Raspberry Pi 4 Model B Datasheet},
  year = {2023},
  url = {https://datasheets.raspberrypi.com/rpi4/raspberry-pi-4-datasheet.pdf},
  note = {Accessed October 16, 2025}
}

@techreport{nist_fips_203_2024,
  author = {{National Institute of Standards and Technology}},
  title = {FIPS 203: Module {Lattice} {Key}-Encapsulation Mechanism (ML-KEM)},
  institution = {U.S. Department of Commerce},
  year = {2024}
}

@techreport{nist_fips_204_2024,
  author = {{National Institute of Standards and Technology}},
  title = {FIPS 204: Module {Lattice} {Digital} Signature Algorithm (ML-DSA)},
  institution = {U.S. Department of Commerce},
  year = {2024}
}

@techreport{nist_fips_205_2024,
  author = {{National Institute of Standards and Technology}},
  title = {FIPS 205: Stateless {Hash}-based {Digital} Signature Algorithm (SLH-DSA)},
  institution = {U.S. Department of Commerce},
  year = {2024}
}

@misc{fips206_status_2025,
  author = {{National Institute of Standards and Technology}},
  title = {Status of Draft FIPS 206: Fast {Fourier}-Lattice Based Digital Signature Algorithm (FN-DSA)},
  year = {2025},
  howpublished = {Project Status Update},
  url = {https://csrc.nist.gov/projects/post-quantum-cryptography/workshops-and-timeline},
  note = {Accessed October 16, 2025}
}

@inproceedings{xgboost_2016,
  author = {Chen, Tianqi and Guestrin, Carlos},
  title = {{XGBoost}: A Scalable Tree Boosting System},
  booktitle = {Proceedings of the 22nd ACM SIGKDD International Conference on Knowledge Discovery and Data Mining},
  year = {2016},
  pages = {785--794}
}

@inproceedings{zerveas_tst_2021,
  author = {Zerveas, George and Jayaraman, Sridevi and Patel, Dhaval and Bhamidipaty, Anuradha and Eickhoff, Carsten},
  title = {A Transformer-Based Framework for Multivariate Time Series Representation Learning},
  booktitle = {Proceedings of the 27th ACM SIGKDD Conference on Knowledge Discovery and Data Mining},
  year = {2021},
  pages = {2114--2124}
}

@article{dilithium_cortexm_tches2021,
  author = {Oder, Tobias and Poeppelmann, Thomas and Schwabe, Peter},
  title = {SABER and Kyber on {ARM} Cortex-M4},
  journal = {IACR Transactions on Cryptographic Hardware and Embedded Systems},
  year = {2021},
  number = {1},
  pages = {44--68}
}

@inproceedings{pqm4_2019,
  author = {Keller, Nina and Oder, Tobias and Poeppelmann, Thomas and Schwabe, Peter},
  title = {{PQM4}: Post-Quantum Cryptography on the {ARM} Cortex-M4},
  booktitle = {Proceedings of the 10th International Conference on Post-Quantum Cryptography},
  year = {2019},
  pages = {172--195}
}

@inproceedings{faster_kyber_dilithium_m4_2022,
  author = {Koelbl, Stefan and Procter, Sam Scott and Schwabe, Peter},
  title = {Faster Kyber and Dilithium on the {ARM} Cortex-M4},
  booktitle = {Proceedings of the 29th ACM Conference on Computer and Communications Security},
  year = {2022},
  pages = {2329--2343}
}

@article{iot_pqtls_2023,
  author = {Raza, Syed Hassan and Abbas, Zahid and Kim, Hyung Seok},
  title = {Performance Evaluation of Post-Quantum {TLS} for Internet of Things Devices},
  journal = {IEEE Internet of Things Journal},
  year = {2023},
  volume = {10},
  number = {5},
  pages = {4109--4119}
}

@article{hortelano_rl_edge_survey_2023,
  author = {Hortelano, Jarle and Sayed-Mouchaweh, Moamar},
  title = {Reinforcement Learning for Edge and Fog Computing: A Survey},
  journal = {IEEE Communications Surveys \\& Tutorials},
  year = {2023},
  volume = {25},
  number = {3},
  pages = {1453--1485}
}

@article{zhou_drl_resource_edge_2024,
  author = {Zhou, Yifan and Shi, Yunchan and Zhang, Wei},
  title = {Deep Reinforcement Learning for Adaptive Resource Allocation in Edge Computing},
  journal = {ACM Transactions on Internet Technology},
  year = {2024},
  volume = {24},
  number = {2},
  pages = {1--25}
}

@article{uav_rl_energy_2023,
  author = {Yang, Jianyu and Chen, Keke and Gao, Hongwei},
  title = {Reinforcement Learning Based Energy Optimization for UAV Communication Networks},
  journal = {IEEE Transactions on Vehicular Technology},
  year = {2023},
  volume = {72},
  number = {9},
  pages = {11345--11357}
}

@inproceedings{bos2018kyber,
  author = {Bos, Joppe W. and Ducas, Leo and Kiltz, Eike and Lepoint, Tancrede and Lyubashevsky, Vadim and Schwabe, Peter and Seiler, Gregor and Stehle, Damien},
  title = {CRYSTALS-{Kyber}: A {CCA}-Secure Module-Lattice-Based KEM},
  booktitle = {2018 IEEE European Symposium on Security and Privacy},
  year = {2018},
  pages = {353--367}
}

@inproceedings{ducas2018dilithium,
  author = {Ducas, Leo and Lyubashevsky, Vadim and Schwabe, Peter},
  title = {CRYSTALS-{Dilithium}: A Lattice-Based Digital Signature Scheme},
  booktitle = {2018 IEEE European Symposium on Security and Privacy},
  year = {2018},
  pages = {356--374}
}

@inproceedings{bernstein2019sphincsplus,
  author = {Bernstein, Daniel J. and Dang, Tung and Hopwood, Hal and Hu, Andreas and Lange, Tanja and Niederhagen, Ruben and van Vredendaal, Christine and Wilcox-O'Hearn, Zooko},
  title = {{SPHINCS+}: Submission to the NIST Post-Quantum Standardization Project},
  booktitle = {NIST PQC Standardization Workshop},
  year = {2019}
}

@inproceedings{prest2019falcon,
  author = {Prest, Thomas and Ducas, Leo and Fouque, Pierre-Alain and Kiltz, Eike and Lepoint, Tancrede and Lyubashevsky, Vadim and Schwabe, Peter and Seiler, Gregor and Stehle, Damien},
  title = {{Falcon}: Fast-Fourier Lattice-Based Compact Signatures over NTRU},
  booktitle = {2019 IEEE European Symposium on Security and Privacy},
  year = {2019},
  pages = {708--723}
}

@techreport{nist_sp800_232_2025,
  author = {{National Institute of Standards and Technology}},
  title = {NIST SP 800-232: Guidance for Using Authenticated Encryption with Associated Data},
  institution = {U.S. Department of Commerce},
  year = {2025}
}

@article{watkins1992qlearning,
  author = {Watkins, Christopher J. C. H. and Dayan, Peter},
  title = {Q-Learning},
  journal = {Machine Learning},
  year = {1992},
  volume = {8},
  number = {3--4},
  pages = {279--292}
}
