@software{dummy_software, author={Developer, G.}, title={Sample Software}, year={2024}}
